<record><leader>00000cas a2200000   4500</leader><controlfield tag="001">3804677</controlfield><controlfield tag="008">780417c197u9999vtuwr ne      0   a0eng d</controlfield><datafield ind1=" " ind2=" " tag="010"><subfield code="a">sn 79004335 </subfield></datafield><datafield ind1=" " ind2=" " tag="040"><subfield code="a">VTU</subfield><subfield code="b">eng</subfield><subfield code="c">VTU</subfield><subfield code="d">NSD</subfield><subfield code="d">OCL</subfield><subfield code="d">OCLCQ</subfield><subfield code="d">OCLCF</subfield><subfield code="d">OCLCO</subfield><subfield code="d">OCL</subfield></datafield><datafield ind1=" " ind2=" " tag="012"><subfield code="k">1</subfield><subfield code="m">d</subfield></datafield><datafield ind1="1" ind2=" " tag="022"><subfield code="a">0193-0737</subfield><subfield code="l">0193-0737</subfield><subfield code="2">1</subfield></datafield><datafield ind1=" " ind2=" " tag="042"><subfield code="a">nsdp</subfield></datafield><datafield ind1=" " ind2="0" tag="222"><subfield code="a">Washington County world</subfield></datafield><datafield ind1="0" ind2="0" tag="245"><subfield code="a">Washington County world.</subfield></datafield><datafield ind1=" " ind2=" " tag="260"><subfield code="a">Montpelier, Vt.,</subfield><subfield code="b">Vermont Times Reporter Corp.</subfield></datafield><datafield ind1=" " ind2=" " tag="300"><subfield code="b">ill.</subfield><subfield code="c">58 cm.</subfield></datafield><datafield ind1="0" ind2=" " tag="362"><subfield code="a">v.6?-   1977?-</subfield></datafield><datafield ind1=" " ind2="0" tag="651"><subfield code="a">Montpelier (Vt.)</subfield><subfield code="x">Politics and government</subfield><subfield code="v">Periodicals.</subfield></datafield><datafield ind1=" " ind2="0" tag="651"><subfield code="a">Vermont</subfield><subfield code="v">Periodicals.</subfield></datafield><datafield ind1=" " ind2="7" tag="650"><subfield code="a">Politics and government</subfield><subfield code="2">fast</subfield><subfield code="0">(OCoLC)fst01919741</subfield></datafield><datafield ind1=" " ind2="7" tag="651"><subfield code="a">Vermont.</subfield><subfield code="2">fast</subfield><subfield code="0">(OCoLC)fst01204305</subfield></datafield><datafield ind1=" " ind2="7" tag="651"><subfield code="a">Vermont</subfield><subfield code="z">Montpelier.</subfield><subfield code="2">fast</subfield><subfield code="0">(OCoLC)fst01208013</subfield></datafield><datafield ind1=" " ind2="7" tag="655"><subfield code="a">Periodicals.</subfield><subfield code="2">fast</subfield><subfield code="0">(OCoLC)fst01411641</subfield></datafield><datafield ind1="0" ind2="0" tag="780"><subfield code="t">Washington world</subfield><subfield code="w">(OCoLC)3804701</subfield></datafield><datafield ind1=" " ind2=" " tag="936"><subfield code="a">Unknown</subfield><subfield code="a">Apr. 18, 1979</subfield></datafield></record>